@book{brookhart2017,
  author    = {Susan M. Brookhart},
  title     = {How to give effective feedback to your students},
  publisher = {ASCD},
  year      = {2017}
}

@book{dweck2015,
  author    = {Carol S. Dweck},
  title     = {Mindset: The new psychology of success},
  publisher = {Ballantine Books},
  year      = {2015}
}

@article{edmondson1999,
  author  = {Amy C. Edmondson},
  title   = {Psychological safety and learning behavior in work teams},
  journal = {Administrative Science Quarterly},
  volume  = {44},
  number  = {2},
  pages   = {350--383},
  year    = {1999}
}

@book{thomke2020experimentation,
  title     = {Experimentation Works: The Surprising Power of Business Experiments},
  author    = {Thomke, Stefan},
  year      = {2020},
  publisher = {Harvard Business Review Press}
}

@article{kohavi2009controlled,
  title     = {Controlled experiments on the web: survey and practical guide},
  author    = {Kohavi, Ron and Longbotham, Roger and Sommerfield, Dan and Henne, Randy M},
  journal   = {Data Mining and Knowledge Discovery},
  volume    = {18},
  number    = {1},
  pages     = {140--181},
  year      = {2009},
  publisher = {Springer},
  doi       = {10.1007/s10618-008-0114-1}
}

@misc{netflix2022experimentation,
  author       = {{Netflix Tech Blog}},
  title        = {Improving recommendations through experimentation},
  year         = {2022},
  howpublished = {\url{https://netflixtechblog.com/improving-recommendations-through-experimentation-3b1a9c33b2ec}},
  note         = {Accessed: 2025-04-21}
}
